@article{Yao2014,
    title = {Universal Option Models},
    year = {2014},
    journal = {Proceedings of the 28th Annual Conference on Neural Information Processing Systems (NIPS)},
    author = {Yao, Hengshuai and Szepesv{\'{a}}ri, Csaba and Sutton, Rich and Modayil, Joseph and Bhatnagar, Shalabh},
    pages = {1--9},
    url = {http://webdocs.cs.ualberta.ca/{$\sim$}hengshua/papers/uom{\_}nips.pdf}
}

@article{Silver2008,
    title = {Sample-Based Learning and Search with Permanent and Transient Memories},
    year = {2008},
    journal = {Proceedings of the 25th international conference on Machine learning},
    author = {Silver, D and Sutton, R and M{\"{u}}ller, M},
    doi = {10.1145/1390156.1390278},
    pages = {968--975},
    url = {http://discovery.ucl.ac.uk/1347372/}
}

@article{Stadie2015,
    title = {Incentivizing Exploration In Reinforcement Learning With Deep Predictive Models},
    year = {2015},
    author = {Stadie, Bradly C. and Levine, Sergey and Abbeel, Pieter},
    pages = {1--10},
    url = {http://arxiv.org/abs/1507.00814}
}

@article{Adam2012,
    title = {Experience replay for real-time reinforcement learning control},
    year = {2012},
    journal = {IEEE Transactions on Systems, Man and Cybernetics Part C: Applications and Reviews},
    author = {Adam, Sander and Bu{\c{s}}oniu, Lucian and Babu{\v{s}}ka, Robert},
    doi = {10.1109/TSMCC.2011.2106494},
    number = {2},
    pages = {201--212},
    volume = {42}
}

@article{Mnih2015,
    title = {Human-level control through deep reinforcement learning},
    year = {2015},
    journal = {Nature},
    author = {Mnih, Volodymyr and Kavukcuoglu, Koray and Silver, David and Rusu, Andrei a and Veness, Joel and Bellemare, Marc G and Graves, Alex and Riedmiller, Martin and Fidjeland, Andreas K and Ostrovski, Georg and Petersen, Stig and Beattie, Charles and Sadik, Amir and Antonoglou, Ioannis and King, Helen and Kumaran, Dharshan and Wierstra, Daan and Legg, Shane and Hassabis, Demis},
    doi = {10.1038/nature14236},
    number = {7540},
    pages = {529--533},
    volume = {518},
    publisher = {Nature Publishing Group},
    url = {http://dx.doi.org/10.1038/nature14236}
}

@article{Sutton2011,
    title = {Horde: a scalable real-time architecture for learning knowledge from unsupervised sensorimotor interaction},
    year = {2011},
    author = {Sutton, Richard S. and Modayil, Joseph and Delp, Michael and Degris, Thomas and Pilarski, Patrick M. and White, Adam and Precup, Doina},
    number = {1972},
    pages = {761--768},
    url = {http://dl.acm.org/citation.cfm?id=2031678.2031726}
}

@article{Gabel2011,
    title = {Improved neural fitted Q-iteration applied to a novel computer gaming and learning benchmark},
    year = {2011},
    journal = {IEEE SSCI 2011: Symposium Series on Computational Intelligence - ADPRL 2011: 2011 IEEE Symposium on Adaptive Dynamic Programming and Reinforcement Learning},
    author = {Gabel, Thomas and Lutz, Christian and Riedmiller, Martin},
    doi = {10.1109/ADPRL.2011.5967361},
    pages = {279--286}
}

@article{Sutton1998,
    title = {Intra-option learning about temporally abstract actions},
    year = {1998},
    journal = {Proceedings of the Fifteenth International Conference on Machine Learning (ICML 1998)},
    author = {Sutton, Richard S. and Precup, Doina and Singh, Satinder},
    pages = {556â€“564}
}

@article{Glorot2011,
    title = {Deep Sparse Rectifier Neural Networks},
    year = {2011},
    journal = {Aistats},
    author = {Glorot, Xavier and Bordes, Antoine and Bengio, Yoshua},
    doi = {10.1.1.208.6449},
    pages = {315--323},
    volume = {15}
}

@article{Riedmiller2005,
    title = {Neural fitted Q iteration - First experiences with a data efficient neural Reinforcement Learning method},
    year = {2005},
    journal = {Lecture Notes in Computer Science (including subseries Lecture Notes in Artificial Intelligence and Lecture Notes in Bioinformatics)},
    author = {Riedmiller, Martin},
    doi = {10.1007/11564096{\_}32},
    pages = {317--328},
    volume = {3720 LNAI}
}

@article{Schaul2015,
    title = {Universal Value Function Approximators},
    year = {2015},
    journal = {Proceedings of The 32nd International Conference on Machine Learning},
    author = {Schaul, Tom and Horgan, Daniel and Gregor, Karol and Silver, David},
    pages = {1312--1320},
    url = {http://jmlr.org/proceedings/papers/v37/schaul15.html}
}

@article{He2015,
    title = {Delving Deep into Rectifiers: Surpassing Human-Level Performance on ImageNet Classification},
    year = {2015},
    journal = {arXiv preprint},
    author = {He, Kaiming and Zhang, Xiangyu and Ren, Shaoqing and Sun, Jian},
    pages = {1--11}
}

@article{Mnih2013,
    title = {Playing Atari with Deep Reinforcement Learning},
    year = {2013},
    journal = {NIPS},
    author = {Mnih, Volodymyr and Kavukcuoglu, Koray and Silver, David and Graves, Alex and Antonoglou, Ioannis and Wierstra, Daan and Riedmiller, Martin},
    doi = {10.1038/nature14236},
    pages = {1--9},
    url = {http://arxiv.org/abs/1312.5602}
}

@article{Lin1992,
    title = {Self-improving reactive agents based on reinforcement learning, planning and teaching},
    year = {1992},
    journal = {Machine Learning},
    author = {Lin, Long J.},
    doi = {10.1007/BF00992699},
    number = {3-4},
    pages = {293--321},
    volume = {8}
}

@article{Jarrett2009,
    title = {What is the best multi-stage architecture for object recognition?},
    year = {2009},
    journal = {Proceedings of the IEEE International Conference on Computer Vision},
    author = {Jarrett, Kevin and Kavukcuoglu, Koray and Ranzato, Marc'Aurelio and LeCun, Yann},
    doi = {10.1109/ICCV.2009.5459469},
    pages = {2146--2153}
}

@article{Nair2010,
    title = {Rectified Linear Units Improve Restricted Boltzmann Machines},
    year = {2010},
    journal = {Proceedings of the 27th International Conference on Machine Learning},
    author = {Nair, Vinod and Hinton, Geoffrey E},
    doi = {10.1.1.165.6419},
    number = {3},
    pages = {807--814}
}

@article{Hinton,
    title = {Overview of mini-batch gradient descent},
    journal = {Ppt},
    author = {Hinton, Geoffrey}
}

@article{Machado2015,
    title = {Arcade Learning Environment Technical Manual (v.0.5.1)},
    year = {2015},
    author = {Machado, Marlos C and Hausknecht, Matthew and Bellemare, Marc G},
    pages = {1--20}
}

@article{Bellemare2012,
    title = {The Arcade Learning Environment: An Evaluation Platform for General Agents},
    year = {2012},
    author = {Bellemare, Marc G. and Naddaf, Yavar and Veness, Joel and Bowling, Michael},
    doi = {10.1613/jair.3912},
    pages = {253--279},
    volume = {47},
    url = {http://arxiv.org/abs/1207.4708 http://dx.doi.org/10.1613/jair.3912}
}

@article{Silver2015,
    title = {Deep Reinforcement Learning},
    year = {2015},
    author = {Silver, David and Deepmind, Google}
}

@article{Heess2015,
    title = {Memory-based control with recurrent neural networks},
    year = {2015},
    author = {Heess, Nicolas and Hunt, Jonathan J and Lillicrap, Timothy P and Silver, David},
    pages = {1--11},
    url = {http://arxiv.org/abs/1512.04455}
}

@article{Bakker2001,
    title = {Reinforcement Learning with Long Short-Term Memory},
    year = {2001},
    journal = {Nips 2001},
    author = {Bakker, Bram}
}

@article{Chung2014,
    title = {Empirical Evaluation of Gated Recurrent Neural Networks on Sequence Modeling},
    year = {2014},
    author = {Chung, Junyoung and Gulcehre, Caglar and Cho, KyungHyun and Bengio, Yoshua},
    pages = {1--9},
    url = {http://arxiv.org/abs/1412.3555}
}

@article{Lillicrap2016,
    title = {Continuous Control With Deep Reinforcement Learning},
    year = {2016},
    author = {Lillicrap, Timothy P and Hunt, Jonathan J and Pritzel, Alexander and Heess, Nicolas and Erez, Tom and Tassa, Yuval and Silver, David and Wierstra, Daan}
}

@article{Williams1995,
    title = {Gradient-based learning algorithms for recurrent networks and their computational complexity},
    year = {1995},
    journal = {Back-propagation: Theory, architectures and Applications},
    author = {Williams, Ronald J. and Zipser, David},
    doi = {10.1080/02673039508720837},
    pages = {1--45},
    url = {http://books.google.com/books?hl=en{\&}amp;lr={\&}amp;id=kvbx6dVv2uEC{\&}amp;oi=fnd{\&}amp;pg=PA433{\&}amp;dq=Gradient-Based+Learning+Algorithms+for+Recurrent+Networks+and+Their+Computational+Complexity+1+Introduction{\&}amp;ots=MAFeylo232{\&}amp;sig=-L3olgtrd3Do{\_}LZZ{\_}DQcwigyI}
}

@article{Graves2013,
    title = {Generating sequences with recurrent neural networks},
    year = {2013},
    journal = {arXiv preprint arXiv:1308.0850},
    author = {Graves, Alex},
    pages = {1--43},
    url = {http://arxiv.org/abs/1308.0850}
}

@article{Jaspers2015Bi-levelBandits,
    title = {Bi-level {$\chi$} -Armed Bandits},
    year = {2015},
    author = {Jaspers, Tom},
    number = {June}
}

@misc{LearningDifficult,
    title = {Learning Long-Term Dependencies with Gradient Descent is Difficult}
}