/home/ruben/Documents/Thesis.bib