Automatically generated by Mendeley Desktop 1.16.1
Any changes to this file will be lost if it is regenerated by Mendeley.

BibTeX export options can be customized via Options -> BibTeX in Mendeley Desktop

@article{Finnie2010,
author = {Finnie, Gavin},
file = {:home/ruben/Documents/Mendeley/Finnie/Unknown/Financial time series forecasting with machine learning techniques A survey - 2010 - Finnie.pdf:pdf},
isbn = {2930307102},
number = {April},
pages = {28--30},
title = {{Financial time series forecasting with machine learning techniques : A survey}},
year = {2010}
}
